<?xml version='1.0' encoding='utf-8'?>
<record xmlns="http://www.loc.gov/MARC21/slim" xmlns:xsi="http://www.w3.org/2001/XMLSchema-instance">
  <leader>00000nas^a22^^^^^^a^4500</leader>
  <controlfield tag="001">006815665</controlfield>
  <controlfield tag="005">20090615163655.0</controlfield>
  <controlfield tag="008">090611cuuuu9999miuwr^p^^^^^^^0^^^a0eng^d</controlfield>
  <datafield tag="035" ind1=" " ind2=" ">
    <subfield code="a">(OCoLC)406137999</subfield>
  </datafield>
  <datafield tag="040" ind1=" " ind2=" ">
    <subfield code="a">MiU-H</subfield>
    <subfield code="c">MiU-H</subfield>
  </datafield>
  <datafield tag="041" ind1="0" ind2=" ">
    <subfield code="a">spa</subfield>
  </datafield>
  <datafield tag="043" ind1=" " ind2=" ">
    <subfield code="a">n-us-mi</subfield>
  </datafield>
  <datafield tag="245" ind1="0" ind2="3">
    <subfield code="a">El Vocero Hispano :</subfield>
    <subfield code="b">Michigan's Hispanic newspapers.</subfield>
  </datafield>
  <datafield tag="260" ind1=" " ind2=" ">
    <subfield code="a">Grand Rapids, Mich. :</subfield>
    <subfield code="b">El Vocero Hispano.</subfield>
  </datafield>
  <datafield tag="300" ind1=" " ind2=" ">
    <subfield code="a">v. :</subfield>
    <subfield code="b">ill. (some col.) ;</subfield>
    <subfield code="c">38 cm.</subfield>
  </datafield>
  <datafield tag="310" ind1=" " ind2=" ">
    <subfield code="a">Weekly</subfield>
  </datafield>
  <datafield tag="546" ind1=" " ind2=" ">
    <subfield code="a">In Spanish.</subfield>
  </datafield>
  <datafield tag="500" ind1=" " ind2=" ">
    <subfield code="a">Description based on: no. 589 (Dec. 31, 2008); title from caption.</subfield>
  </datafield>
  <datafield tag="650" ind1=" " ind2="0">
    <subfield code="a">Hispanic Americans</subfield>
    <subfield code="z">Michigan</subfield>
    <subfield code="v">Periodicals.</subfield>
  </datafield>
  <datafield tag="852" ind1="8" ind2=" ">
    <subfield code="a">MiU-H</subfield>
    <subfield code="b">BENT</subfield>
    <subfield code="h">2009100 Aa 2</subfield>
  </datafield>
  <datafield tag="997" ind1=" " ind2=" ">
    <subfield code="a">MARS</subfield>
  </datafield>
  <datafield tag="998" ind1=" " ind2=" ">
    <subfield code="c">OV</subfield>
  </datafield>
  <datafield tag="955" ind1=" " ind2=" ">
    <subfield code="b">BENT</subfield>
    <subfield code="p">6815665-100</subfield>
    <subfield code="z">no.617(2009:July 17)</subfield>
  </datafield>
  <datafield tag="955" ind1=" " ind2=" ">
    <subfield code="b">BENT</subfield>
    <subfield code="p">6815665-1000</subfield>
    <subfield code="z">no.707(2011:April 08)</subfield>
  </datafield>
  <datafield tag="955" ind1=" " ind2=" ">
    <subfield code="b">BENT</subfield>
    <subfield code="p">6815665-1010</subfield>
    <subfield code="z">no.708(2011:April 15)</subfield>
  </datafield>
  <datafield tag="955" ind1=" " ind2=" ">
    <subfield code="b">BENT</subfield>
    <subfield code="p">6815665-1020</subfield>
    <subfield code="z">no.709(2011:April 22)</subfield>
  </datafield>
  <datafield tag="955" ind1=" " ind2=" ">
    <subfield code="b">BENT</subfield>
    <subfield code="p">6815665-1030</subfield>
    <subfield code="z">no.710(2011:April 29)</subfield>
  </datafield>
  <datafield tag="955" ind1=" " ind2=" ">
    <subfield code="b">BENT</subfield>
    <subfield code="p">6815665-1040</subfield>
    <subfield code="z">no.711(2011:May 06)</subfield>
  </datafield>
  <datafield tag="955" ind1=" " ind2=" ">
    <subfield code="b">BENT</subfield>
    <subfield code="p">6815665-1050</subfield>
    <subfield code="z">no.712(2011:May 13)</subfield>
  </datafield>
  <datafield tag="955" ind1=" " ind2=" ">
    <subfield code="b">BENT</subfield>
    <subfield code="p">6815665-1060</subfield>
    <subfield code="z">no.713(2011:May 20)</subfield>
  </datafield>
  <datafield tag="955" ind1=" " ind2=" ">
    <subfield code="b">BENT</subfield>
    <subfield code="p">6815665-1070</subfield>
    <subfield code="z">no.714(2011:May 27)</subfield>
  </datafield>
  <datafield tag="955" ind1=" " ind2=" ">
    <subfield code="b">BENT</subfield>
    <subfield code="p">6815665-110</subfield>
    <subfield code="z">no.618(2009:July 24)</subfield>
  </datafield>
  <datafield tag="955" ind1=" " ind2=" ">
    <subfield code="b">BENT</subfield>
    <subfield code="p">6815665-120</subfield>
    <subfield code="z">no.619(2009:July 31)</subfield>
  </datafield>
  <datafield tag="955" ind1=" " ind2=" ">
    <subfield code="b">BENT</subfield>
    <subfield code="p">6815665-130</subfield>
    <subfield code="z">no.620(2009:Aug. 7)</subfield>
  </datafield>
  <datafield tag="955" ind1=" " ind2=" ">
    <subfield code="b">BENT</subfield>
    <subfield code="p">6815665-140</subfield>
    <subfield code="z">no.621(2009:Aug. 14)</subfield>
  </datafield>
  <datafield tag="955" ind1=" " ind2=" ">
    <subfield code="b">BENT</subfield>
    <subfield code="p">6815665-150</subfield>
    <subfield code="z">no.622(2009:Aug. 21)</subfield>
  </datafield>
  <datafield tag="955" ind1=" " ind2=" ">
    <subfield code="b">BENT</subfield>
    <subfield code="p">6815665-160</subfield>
    <subfield code="z">no.623(2009:Sep. 4)</subfield>
  </datafield>
  <datafield tag="955" ind1=" " ind2=" ">
    <subfield code="b">BENT</subfield>
    <subfield code="p">6815665-170</subfield>
    <subfield code="z">no.624(2009:Sep. 24)</subfield>
  </datafield>
  <datafield tag="955" ind1=" " ind2=" ">
    <subfield code="b">BENT</subfield>
    <subfield code="p">6815665-180</subfield>
    <subfield code="z">no.627(2009:Sept. 25)</subfield>
  </datafield>
  <datafield tag="955" ind1=" " ind2=" ">
    <subfield code="b">BENT</subfield>
    <subfield code="p">6815665-190</subfield>
    <subfield code="z">no.628(2009:Oct. 02)</subfield>
  </datafield>
  <datafield tag="955" ind1=" " ind2=" ">
    <subfield code="b">BENT</subfield>
    <subfield code="p">6815665-20</subfield>
    <subfield code="z">no.609(2009:Jun. 11)</subfield>
  </datafield>
  <datafield tag="955" ind1=" " ind2=" ">
    <subfield code="b">BENT</subfield>
    <subfield code="p">6815665-200</subfield>
    <subfield code="z">no.630(2009:Oct. 15)</subfield>
  </datafield>
  <datafield tag="955" ind1=" " ind2=" ">
    <subfield code="b">BENT</subfield>
    <subfield code="p">6815665-210</subfield>
    <subfield code="z">no.631(2009:Oct. 22)</subfield>
  </datafield>
  <datafield tag="955" ind1=" " ind2=" ">
    <subfield code="b">BENT</subfield>
    <subfield code="p">6815665-220</subfield>
    <subfield code="z">no.632(2009:Oct. 29)</subfield>
  </datafield>
  <datafield tag="955" ind1=" " ind2=" ">
    <subfield code="b">BENT</subfield>
    <subfield code="p">6815665-230</subfield>
    <subfield code="z">no.633(2009:Nov. 05)</subfield>
  </datafield>
  <datafield tag="955" ind1=" " ind2=" ">
    <subfield code="b">BENT</subfield>
    <subfield code="p">6815665-260</subfield>
    <subfield code="z">no.636(2009:Nov. 25)</subfield>
  </datafield>
  <datafield tag="955" ind1=" " ind2=" ">
    <subfield code="b">BENT</subfield>
    <subfield code="p">6815665-270</subfield>
    <subfield code="z">no.634(2009:Nov. 13)</subfield>
  </datafield>
  <datafield tag="955" ind1=" " ind2=" ">
    <subfield code="b">BENT</subfield>
    <subfield code="p">6815665-280</subfield>
    <subfield code="z">no.635(2009:Dec. 20)</subfield>
  </datafield>
  <datafield tag="955" ind1=" " ind2=" ">
    <subfield code="b">BENT</subfield>
    <subfield code="p">6815665-290</subfield>
    <subfield code="z">no.638(2009:Dec. 11)</subfield>
  </datafield>
  <datafield tag="955" ind1=" " ind2=" ">
    <subfield code="b">BENT</subfield>
    <subfield code="p">6815665-30</subfield>
    <subfield code="z">no.610(2009:May 29)</subfield>
  </datafield>
  <datafield tag="955" ind1=" " ind2=" ">
    <subfield code="b">BENT</subfield>
    <subfield code="p">6815665-300</subfield>
    <subfield code="z">no.639(2009:Dec. 18)</subfield>
  </datafield>
  <datafield tag="955" ind1=" " ind2=" ">
    <subfield code="b">BENT</subfield>
    <subfield code="p">6815665-310</subfield>
    <subfield code="z">no.637(2009:Dec. 4)</subfield>
  </datafield>
  <datafield tag="955" ind1=" " ind2=" ">
    <subfield code="b">BENT</subfield>
    <subfield code="p">6815665-320</subfield>
    <subfield code="z">no.640(2009:Dec. 23)</subfield>
  </datafield>
  <datafield tag="955" ind1=" " ind2=" ">
    <subfield code="b">BENT</subfield>
    <subfield code="p">6815665-330</subfield>
    <subfield code="z">no.643 (2010:Jan. 15)</subfield>
  </datafield>
  <datafield tag="955" ind1=" " ind2=" ">
    <subfield code="b">BENT</subfield>
    <subfield code="p">6815665-340</subfield>
    <subfield code="z">no.644 (2010:Jan. 22)</subfield>
  </datafield>
  <datafield tag="955" ind1=" " ind2=" ">
    <subfield code="b">BENT</subfield>
    <subfield code="p">6815665-350</subfield>
    <subfield code="z">no.642(2010:Jan. 8)</subfield>
  </datafield>
  <datafield tag="955" ind1=" " ind2=" ">
    <subfield code="b">BENT</subfield>
    <subfield code="p">6815665-360</subfield>
    <subfield code="z">no.645 (2010:Jan. 29)</subfield>
  </datafield>
  <datafield tag="955" ind1=" " ind2=" ">
    <subfield code="b">BENT</subfield>
    <subfield code="p">6815665-370</subfield>
    <subfield code="z">no.646 (2010:Feb. 5)</subfield>
  </datafield>
  <datafield tag="955" ind1=" " ind2=" ">
    <subfield code="b">BENT</subfield>
    <subfield code="p">6815665-380</subfield>
    <subfield code="z">no.647(2010:Feb. 12)</subfield>
  </datafield>
  <datafield tag="955" ind1=" " ind2=" ">
    <subfield code="b">BENT</subfield>
    <subfield code="p">6815665-390</subfield>
    <subfield code="z">no.648(2010:Feb. 19)</subfield>
  </datafield>
  <datafield tag="955" ind1=" " ind2=" ">
    <subfield code="b">BENT</subfield>
    <subfield code="p">6815665-40</subfield>
    <subfield code="z">no.612(2009:Jun. 12)</subfield>
  </datafield>
  <datafield tag="955" ind1=" " ind2=" ">
    <subfield code="b">BENT</subfield>
    <subfield code="p">6815665-400</subfield>
    <subfield code="z">no.649(2010:Feb. 26)</subfield>
  </datafield>
  <datafield tag="955" ind1=" " ind2=" ">
    <subfield code="b">BENT</subfield>
    <subfield code="p">6815665-410</subfield>
    <subfield code="z">no.650(2010:Mar. 5)</subfield>
  </datafield>
  <datafield tag="955" ind1=" " ind2=" ">
    <subfield code="b">BENT</subfield>
    <subfield code="p">6815665-420</subfield>
    <subfield code="z">no.651(2010:Mar. 12)</subfield>
  </datafield>
  <datafield tag="955" ind1=" " ind2=" ">
    <subfield code="b">BENT</subfield>
    <subfield code="p">6815665-430</subfield>
    <subfield code="z">no.652(2010:Mar. 19)</subfield>
  </datafield>
  <datafield tag="955" ind1=" " ind2=" ">
    <subfield code="b">BENT</subfield>
    <subfield code="p">6815665-440</subfield>
    <subfield code="z">no.653(2010:Mar. 26)</subfield>
  </datafield>
  <datafield tag="955" ind1=" " ind2=" ">
    <subfield code="b">BENT</subfield>
    <subfield code="p">6815665-450</subfield>
    <subfield code="z">no.654(2010:April 02)</subfield>
  </datafield>
  <datafield tag="955" ind1=" " ind2=" ">
    <subfield code="b">BENT</subfield>
    <subfield code="p">6815665-460</subfield>
    <subfield code="z">no.655(2010:April 09)</subfield>
  </datafield>
  <datafield tag="955" ind1=" " ind2=" ">
    <subfield code="b">BENT</subfield>
    <subfield code="p">6815665-470</subfield>
    <subfield code="z">no.656(2010:April 16)</subfield>
  </datafield>
  <datafield tag="955" ind1=" " ind2=" ">
    <subfield code="b">BENT</subfield>
    <subfield code="p">6815665-480</subfield>
    <subfield code="z">no.657(2010:April 23)</subfield>
  </datafield>
  <datafield tag="955" ind1=" " ind2=" ">
    <subfield code="b">BENT</subfield>
    <subfield code="p">6815665-490</subfield>
    <subfield code="z">no.658(2010:Apr. 30)</subfield>
  </datafield>
  <datafield tag="955" ind1=" " ind2=" ">
    <subfield code="b">BENT</subfield>
    <subfield code="p">6815665-500</subfield>
    <subfield code="z">no.659(2010:May 07)</subfield>
  </datafield>
  <datafield tag="955" ind1=" " ind2=" ">
    <subfield code="b">BENT</subfield>
    <subfield code="p">6815665-510</subfield>
    <subfield code="z">no.660(2010:May 14)</subfield>
  </datafield>
  <datafield tag="955" ind1=" " ind2=" ">
    <subfield code="b">BENT</subfield>
    <subfield code="p">6815665-520</subfield>
    <subfield code="z">no.661(2010:May 21)</subfield>
  </datafield>
  <datafield tag="955" ind1=" " ind2=" ">
    <subfield code="b">BENT</subfield>
    <subfield code="p">6815665-530</subfield>
    <subfield code="z">no.662(2010:May 28)</subfield>
  </datafield>
  <datafield tag="955" ind1=" " ind2=" ">
    <subfield code="b">BENT</subfield>
    <subfield code="p">6815665-560</subfield>
    <subfield code="z">no.663(2010:Jun. 04)</subfield>
  </datafield>
  <datafield tag="955" ind1=" " ind2=" ">
    <subfield code="b">BENT</subfield>
    <subfield code="p">6815665-570</subfield>
    <subfield code="z">no.664(2010:Jun. 11)</subfield>
  </datafield>
  <datafield tag="955" ind1=" " ind2=" ">
    <subfield code="b">BENT</subfield>
    <subfield code="p">6815665-580</subfield>
    <subfield code="z">no.665(2010:Jun. 18)</subfield>
  </datafield>
  <datafield tag="955" ind1=" " ind2=" ">
    <subfield code="b">BENT</subfield>
    <subfield code="p">6815665-590</subfield>
    <subfield code="z">no.666(2010:Jun. 25)</subfield>
  </datafield>
  <datafield tag="955" ind1=" " ind2=" ">
    <subfield code="b">BENT</subfield>
    <subfield code="p">6815665-60</subfield>
    <subfield code="z">no.613(2009:Jun. 19)</subfield>
  </datafield>
  <datafield tag="955" ind1=" " ind2=" ">
    <subfield code="b">BENT</subfield>
    <subfield code="p">6815665-600</subfield>
    <subfield code="z">no.667(2010:Jul. 02)</subfield>
  </datafield>
  <datafield tag="955" ind1=" " ind2=" ">
    <subfield code="b">BENT</subfield>
    <subfield code="p">6815665-610</subfield>
    <subfield code="z">no.668(2010:Jul. 09)</subfield>
  </datafield>
  <datafield tag="955" ind1=" " ind2=" ">
    <subfield code="b">BENT</subfield>
    <subfield code="p">6815665-620</subfield>
    <subfield code="z">no.669(2010:Jul. 16)</subfield>
  </datafield>
  <datafield tag="955" ind1=" " ind2=" ">
    <subfield code="b">BENT</subfield>
    <subfield code="p">6815665-630</subfield>
    <subfield code="z">no.670(2010:Jul. 23)</subfield>
  </datafield>
  <datafield tag="955" ind1=" " ind2=" ">
    <subfield code="b">BENT</subfield>
    <subfield code="p">6815665-640</subfield>
    <subfield code="z">no.671(2010:Jul. 30)</subfield>
  </datafield>
  <datafield tag="955" ind1=" " ind2=" ">
    <subfield code="b">BENT</subfield>
    <subfield code="p">6815665-650</subfield>
    <subfield code="z">no.672(2010:Aug. 06)</subfield>
  </datafield>
  <datafield tag="955" ind1=" " ind2=" ">
    <subfield code="b">BENT</subfield>
    <subfield code="p">6815665-660</subfield>
    <subfield code="z">no.673(2010:Aug. 13)</subfield>
  </datafield>
  <datafield tag="955" ind1=" " ind2=" ">
    <subfield code="b">BENT</subfield>
    <subfield code="p">6815665-670</subfield>
    <subfield code="z">no.674(2010:Aug. 20)</subfield>
  </datafield>
  <datafield tag="955" ind1=" " ind2=" ">
    <subfield code="b">BENT</subfield>
    <subfield code="p">6815665-680</subfield>
    <subfield code="z">no.675(2010:Aug. 27)</subfield>
  </datafield>
  <datafield tag="955" ind1=" " ind2=" ">
    <subfield code="b">BENT</subfield>
    <subfield code="p">6815665-690</subfield>
    <subfield code="z">no.676(2010:Sep. 03)</subfield>
  </datafield>
  <datafield tag="955" ind1=" " ind2=" ">
    <subfield code="b">BENT</subfield>
    <subfield code="p">6815665-70</subfield>
    <subfield code="z">no.614(2009:Jun. 25)</subfield>
  </datafield>
  <datafield tag="955" ind1=" " ind2=" ">
    <subfield code="b">BENT</subfield>
    <subfield code="p">6815665-700</subfield>
    <subfield code="z">no.677(2010:Sep. 10)</subfield>
  </datafield>
  <datafield tag="955" ind1=" " ind2=" ">
    <subfield code="b">BENT</subfield>
    <subfield code="p">6815665-710</subfield>
    <subfield code="z">no.678(2010:Sep. 17)</subfield>
  </datafield>
  <datafield tag="955" ind1=" " ind2=" ">
    <subfield code="b">BENT</subfield>
    <subfield code="p">6815665-720</subfield>
    <subfield code="z">no.679(2010:Sep. 24)</subfield>
  </datafield>
  <datafield tag="955" ind1=" " ind2=" ">
    <subfield code="b">BENT</subfield>
    <subfield code="p">6815665-730</subfield>
    <subfield code="z">no.680(2010:Oct. 01)</subfield>
  </datafield>
  <datafield tag="955" ind1=" " ind2=" ">
    <subfield code="b">BENT</subfield>
    <subfield code="p">6815665-740</subfield>
    <subfield code="z">no.681(2010:Oct. 08)</subfield>
  </datafield>
  <datafield tag="955" ind1=" " ind2=" ">
    <subfield code="b">BENT</subfield>
    <subfield code="p">6815665-750</subfield>
    <subfield code="z">no.682(2010:Oct. 15)</subfield>
  </datafield>
  <datafield tag="955" ind1=" " ind2=" ">
    <subfield code="b">BENT</subfield>
    <subfield code="p">6815665-760</subfield>
    <subfield code="z">no.683(2010:Oct. 22)</subfield>
  </datafield>
  <datafield tag="955" ind1=" " ind2=" ">
    <subfield code="b">BENT</subfield>
    <subfield code="p">6815665-770</subfield>
    <subfield code="z">no.684(2010:Oct. 29)</subfield>
  </datafield>
  <datafield tag="955" ind1=" " ind2=" ">
    <subfield code="b">BENT</subfield>
    <subfield code="p">6815665-780</subfield>
    <subfield code="z">no.685(2010:Nov. 05)</subfield>
  </datafield>
  <datafield tag="955" ind1=" " ind2=" ">
    <subfield code="b">BENT</subfield>
    <subfield code="p">6815665-790</subfield>
    <subfield code="z">no.686(2010:Nov. 12)</subfield>
  </datafield>
  <datafield tag="955" ind1=" " ind2=" ">
    <subfield code="b">BENT</subfield>
    <subfield code="p">6815665-80</subfield>
    <subfield code="z">no.615(2009:Jul. 3)</subfield>
  </datafield>
  <datafield tag="955" ind1=" " ind2=" ">
    <subfield code="b">BENT</subfield>
    <subfield code="p">6815665-800</subfield>
    <subfield code="z">no.687(2010:Nov. 19)</subfield>
  </datafield>
  <datafield tag="955" ind1=" " ind2=" ">
    <subfield code="b">BENT</subfield>
    <subfield code="p">6815665-810</subfield>
    <subfield code="z">no.688(2010:Nov. 24)</subfield>
  </datafield>
  <datafield tag="955" ind1=" " ind2=" ">
    <subfield code="b">BENT</subfield>
    <subfield code="p">6815665-820</subfield>
    <subfield code="z">no.689(2010:Dec. 03)</subfield>
  </datafield>
  <datafield tag="955" ind1=" " ind2=" ">
    <subfield code="b">BENT</subfield>
    <subfield code="p">6815665-830</subfield>
    <subfield code="z">no.690(2010:Dec. 10)</subfield>
  </datafield>
  <datafield tag="955" ind1=" " ind2=" ">
    <subfield code="b">BENT</subfield>
    <subfield code="p">6815665-840</subfield>
    <subfield code="z">no.691(2010:Dec. 17)</subfield>
  </datafield>
  <datafield tag="955" ind1=" " ind2=" ">
    <subfield code="b">BENT</subfield>
    <subfield code="p">6815665-850</subfield>
    <subfield code="z">no.692(2010:Dec. 23)</subfield>
  </datafield>
  <datafield tag="955" ind1=" " ind2=" ">
    <subfield code="b">BENT</subfield>
    <subfield code="p">6815665-860</subfield>
    <subfield code="z">no.693(2010:Dec. 30)</subfield>
  </datafield>
  <datafield tag="955" ind1=" " ind2=" ">
    <subfield code="b">BENT</subfield>
    <subfield code="p">6815665-870</subfield>
    <subfield code="z">no.694(2011:Jan. 07)</subfield>
  </datafield>
  <datafield tag="955" ind1=" " ind2=" ">
    <subfield code="b">BENT</subfield>
    <subfield code="p">6815665-880</subfield>
    <subfield code="z">no.695(2011:Jan. 14)</subfield>
  </datafield>
  <datafield tag="955" ind1=" " ind2=" ">
    <subfield code="b">BENT</subfield>
    <subfield code="p">6815665-890</subfield>
    <subfield code="z">no.696(2011:Jan. 21)</subfield>
  </datafield>
  <datafield tag="955" ind1=" " ind2=" ">
    <subfield code="b">BENT</subfield>
    <subfield code="p">6815665-90</subfield>
    <subfield code="z">no.616(2009:Jul. 10)</subfield>
  </datafield>
  <datafield tag="955" ind1=" " ind2=" ">
    <subfield code="b">BENT</subfield>
    <subfield code="p">6815665-900</subfield>
    <subfield code="z">no.697(2011:Jan. 28)</subfield>
  </datafield>
  <datafield tag="955" ind1=" " ind2=" ">
    <subfield code="b">BENT</subfield>
    <subfield code="p">6815665-910</subfield>
    <subfield code="z">no.698(2011:Feb. 04)</subfield>
  </datafield>
  <datafield tag="955" ind1=" " ind2=" ">
    <subfield code="b">BENT</subfield>
    <subfield code="p">6815665-920</subfield>
    <subfield code="z">no.699(2011:Feb. 11)</subfield>
  </datafield>
  <datafield tag="955" ind1=" " ind2=" ">
    <subfield code="b">BENT</subfield>
    <subfield code="p">6815665-930</subfield>
    <subfield code="z">no.700(2011:Feb. 18)</subfield>
  </datafield>
  <datafield tag="955" ind1=" " ind2=" ">
    <subfield code="b">BENT</subfield>
    <subfield code="p">6815665-940</subfield>
    <subfield code="z">no.701(2011:Feb. 25)</subfield>
  </datafield>
  <datafield tag="955" ind1=" " ind2=" ">
    <subfield code="b">BENT</subfield>
    <subfield code="p">6815665-950</subfield>
    <subfield code="z">no.702(2011:Mar. 04)</subfield>
  </datafield>
  <datafield tag="955" ind1=" " ind2=" ">
    <subfield code="b">BENT</subfield>
    <subfield code="p">6815665-960</subfield>
    <subfield code="z">no.703(2011:Mar. 11)</subfield>
  </datafield>
  <datafield tag="955" ind1=" " ind2=" ">
    <subfield code="b">BENT</subfield>
    <subfield code="p">6815665-970</subfield>
    <subfield code="z">no.704(2011:Mar. 18)</subfield>
  </datafield>
  <datafield tag="955" ind1=" " ind2=" ">
    <subfield code="b">BENT</subfield>
    <subfield code="p">6815665-980</subfield>
    <subfield code="z">no.705(2011:Mar. 25)</subfield>
  </datafield>
  <datafield tag="955" ind1=" " ind2=" ">
    <subfield code="b">BENT</subfield>
    <subfield code="p">6815665-990</subfield>
    <subfield code="z">no.706(2011:April 01)</subfield>
  </datafield>
  <datafield tag="955" ind1=" " ind2=" ">
    <subfield code="b">BENT</subfield>
    <subfield code="p">B3418049</subfield>
  </datafield>
  <datafield tag="955" ind1=" " ind2=" ">
    <subfield code="b">BENT</subfield>
    <subfield code="p">B3421132</subfield>
    <subfield code="z">no.611(2009:Jun. 5)</subfield>
  </datafield>
  <datafield tag="955" ind1=" " ind2=" ">
    <subfield code="b">BENT</subfield>
    <subfield code="p">B3660942</subfield>
    <subfield code="z">no.629(2009:Oct. 7)</subfield>
  </datafield>
</record>
